@article{stomp2011,
    title={STOMP: Stochastic trajectory optimization for motion planning},
    author={Kalakrishnan, Mrinal and Chitta, Sachin and Theodorou, Evangelos and Pastor, Peter and Schaal, Stefan},
    journal={Proceedings of the IEEE International Conference on Robotics and Automation},
    pages={4569--4574},
    year={2011},
    publisher={IEEE}
}

@article{rrtstar2011,
    title={Sampling-based algorithms for optimal motion planning},
    author={Karaman, Sertac and Frazzoli, Emilio},
    journal={The International Journal of Robotics Research},
    volume={30},
    number={7},
    pages={846--894},
    year={2011},
    publisher={SAGE Publications}
}

@book{robotics_planning_2006,
    title={Planning algorithms},
    author={LaValle, Steven M},
    year={2006},
    publisher={Cambridge University Press}
}

@article{bvh_construction,
    title={On fast construction of SAH-based bounding volume hierarchies},
    author={Wald, Ingo},
    journal={Proceedings of the IEEE/EG Symposium on Interactive Ray Tracing},
    pages={33--40},
    year={2007},
    publisher={IEEE}
}

@article{medical_robotics_survey,
    title={Medical robotics: A survey},
    author={Troccaz, Jocelyne and Dagnino, Gianluca and Yang, Guang-Zhong},
    journal={Annual Review of Biomedical Engineering},
    volume={21},
    pages={435--456},
    year={2019},
    publisher={Annual Reviews}
}

@article{ultrasound_robotics,
    title={Robotic ultrasound systems: A systematic review},
    author={Priester, Andrew M and Natarajan, Shyam and Culjat, Martin O},
    journal={Journal of Medical Robotics Research},
    volume={3},
    number={1},
    pages={1840001},
    year={2018},
    publisher={World Scientific}
}

@techreport{fda_medical_devices,
    title={Software as a Medical Device (SaMD): Clinical Evaluation},
    author={{U.S. Food and Drug Administration}},
    institution={FDA},
    year={2022},
    url={https://www.fda.gov/medical-devices/software-medical-device-samd}
}

@article{healthcare_accessibility,
    title={Healthcare accessibility and affordability in the United States},
    author={Institute of Medicine},
    journal={Health Affairs},
    volume={41},
    number={3},
    pages={524--537},
    year={2022},
    publisher={Health Affairs}
}

@article{trajectory_optimization_robotics,
    title={Trajectory optimization for robot motion planning},
    author={Posa, Michael and Cantu, Cecilia and Tedrake, Russ},
    journal={The International Journal of Robotics Research},
    volume={33},
    number={13},
    pages={1681--1698},
    year={2014},
    publisher={SAGE Publications}
}

@article{realtime_collision_detection,
    title={Real-time collision detection},
    author={Ericson, Christer},
    journal={CRC Press},
    year={2004}
}

@article{impedance_control,
    title={Impedance control: An approach to manipulation},
    author={Hogan, Neville},
    journal={Journal of Dynamic Systems, Measurement, and Control},
    volume={107},
    number={1},
    pages={1--7},
    year={1985},
    publisher={American Society of Mechanical Engineers}
}

@article{parallel_computing_robotics,
    title={Parallel computing in robotics: A survey},
    author={Rodriguez, Carlos and Mason, Matthew T},
    journal={IEEE Transactions on Robotics},
    volume={34},
    number={4},
    pages={891--909},
    year={2018},
    publisher={IEEE}
}

@book{modern_cpp_design,
    title={Modern C++ design: generic programming and design patterns applied},
    author={Alexandrescu, Andrei},
    year={2001},
    publisher={Addison-Wesley}
}

@article{software_architecture_patterns,
    title={Software architecture patterns for robotics systems},
    author={Brugali, Davide and Scandurra, Patrizia},
    journal={Journal of Software Engineering for Robotics},
    volume={4},
    number={1},
    pages={3--21},
    year={2013}
}

@techreport{iso_medical_software,
    title={IEC 62304:2006 Medical device software - Software life cycle processes},
    author={{International Electrotechnical Commission}},
    institution={IEC},
    year={2006}
}

@article{signed_distance_fields,
    title={Signed distance fields for robot path planning},
    author={Park, Sang-Ik and Bajcsy, Ruzena},
    journal={IEEE Transactions on Robotics and Automation},
    volume={18},
    number={4},
    pages={549--559},
    year={2002},
    publisher={IEEE}
}

@conference{boost_asio,
    title={Boost.Asio: A cross-platform C++ library for network and low-level I/O programming},
    author={Kohlhoff, Christopher M},
    booktitle={C++ Now Conference},
    year={2013}
}

@article{eigen_library,
    title={Eigen: A C++ template library for linear algebra},
    author={Guennebaud, Ga{\"e}l and Jacob, Beno{\^\i}t and others},
    journal={Eigen Project},
    year={2010},
    url={http://eigen.tuxfamily.org}
}

@article{qt_framework,
    title={Qt: A cross-platform application framework},
    author={Dalheimer, Matthias Kalle},
    journal={Linux Journal},
    volume={1996},
    number={27es},
    pages={5},
    year={1996}
}

@article{lock_free_programming,
    title={Lock-free programming},
    author={Michael, Maged M and Scott, Michael L},
    journal={Proceedings of the ACM SIGPLAN symposium on Principles of programming languages},
    pages={229--242},
    year={1996},
    publisher={ACM}
}

@book{cache_optimization,
    title={What every programmer should know about memory},
    author={Drepper, Ulrich},
    year={2007},
    publisher={Red Hat Inc}
}
